@article{Birdetal2001,
	Author = {Bird, R. B. and Smith, E. A. and Bird D. W.},
	Title = {The hunting handicap: costly signaling in human foraging strategies},
	Journal = {Behavioral Ecology and Sociobiology},
	Volume = {50},
	Pages = {9-19},
	Year = {2001}
}



@ARTICLE{9654185,
  author={Sultana, Sadia and Iqbal, M. Zafar and Selim, M. Reza and Rashid, Md. Mijanur and Rahman, M. Shahidur},
  journal={IEEE Access},
   title={Bangla Speech Emotion Recognition and Cross-Lingual Study Using Deep CNN and BLSTM Networks},
   year={2022},
  volume={10},
  number={},
  pages={564-578},
  doi={10.1109/ACCESS.2021.3136251}
}

@MISC{w1,
author = {Google},
title = {This is how you cite a website in latex},
month = {December},
year = {2022},
howpublished={\url{http://www.google.com}}
}

@ARTICLE{9001082,
  author={Kibria, Shafkat and Rahman, M. Shahidur and Selim, M. Reza and Iqbal, M. Zafar}, 
 journal={IEEE Access},   title={Acoustic Analysis of the Speakersâ€™ Variability for Regional Accent-Affected Pronunciation in Bangladeshi Bangla: A Study on Sylheti Accent},   year={2020},  volume={8},  number={},  pages={35200-35221},  doi={10.1109/ACCESS.2020.2974799}}

@article{p1,
  title={GenerSpeech: Towards Style Transfer for Generalizable Out-Of-Domain Text-to-Speech Synthesis},
  author={Huang, Rongjie and Ren, Yi and Liu, Jinglin and Cui, Chenye and Zhao, Zhou},
  journal={arXiv preprint arXiv:2205.07211},
  year={2022}
}

@article{p2,
  title={StyleTTS: A Style-Based Generative Model for Natural and Diverse Text-to-Speech Synthesis},
  author={Li, Yinghao Aaron and Han, Cong and Mesgarani, Nima},
  journal={arXiv preprint arXiv:2205.15439},
  year={2022}
}

@article{p3,
  title={ECAPA-TDNN for Multi-speaker Text-to-speech Synthesis},
  author={Xue, Jinlong and Deng, Yayue and Li, Ya and Sun, Jianqing and Liang, Jiaen},
  journal={arXiv preprint arXiv:2203.10473},
  year={2022}
}

@article{p4,
  title={Investigations on speaker adaptation using a continuous vocoder within recurrent neural network based text-to-speech synthesis},
  author={Mandeel, Ali Raheem and Al-Radhi, Mohammed Salah and Csap{\'o}, Tam{\'a}s G{\'a}bor},
  journal={Multimedia Tools and Applications},
  pages={1--15},
  year={2022},
  publisher={Springer}
}

@inproceedings{p5,
  title={Fine-grained style control in Transformer-based Text-to-speech Synthesis},
  author={Chen, Li-Wei and Rudnicky, Alexander},
  booktitle={ICASSP 2022-2022 IEEE International Conference on Acoustics, Speech and Signal Processing (ICASSP)},
  pages={7907--7911},
  year={2022},
  organization={IEEE}
}

@article{p6,
  title={MnTTS: An Open-Source Mongolian Text-to-Speech Synthesis Dataset and Accompanied Baseline},
  author={Hu, Yifan and Yin, Pengkai and Liu, Rui and Bao, Feilong and Gao, Guanglai},
  journal={arXiv preprint arXiv:2209.10848},
  year={2022}
}
